

@Article{GavaghanGillowSueli2006,
  author = 	 {D. J. Gavaghan and K. Gillow and E. S{\"u}li},
  title = 	 {Adaptive Finite Element Methods in Electrochemistry},
  journal = 	 {Langmuir},
  year = 	 2006,
  volume =	 22,
  number =	 25,
  pages =	 {10666-10682}
}


@Article{HarrimanGavaghanSueli2004,
  author = 	 {K. Harriman and D. J. Gavaghan  and E. S{\"u}li},
  title = 	 {Simulation of linear sweep voltametry using an adaptive finite element algorithm },
  journal = 	 {J. Electroanal. Chem.},
  year = 	 2004,
  volume =	 573,
  number =	 1,
  pages =	 {169-174}
}

@Article{AldenCompton1997,
  author = 	 {J.A.  Alden and  R.G. Compton},
  title = 	 {A general  method  for electrochemical
simulations. Formulation  of the strategy for two-dimensional
simulations. Part I},
  journal = 	 {J. Phys. Chem. B.},
  year = 	 1997,
  volume =	 101,
  pages =	 8941
}


@Article{FuhrmannZhaoHolzbecherLangmach2008,
  author = 	 {J. Fuhrmann and H. Zhao and E. Holzbecher and H. Langmach},
  title = 	 {Flow, Transport and Reactions in a Thin Layer  Flow Cell},
  journal = 	 {J. Fuel Cell Sci. Tech.},
  year = 	 2008,
volume = 5,
number = 2,
note={available online 2008-04-11, DOI:10.1115/1.2821598}
}

@Book{Newman+ThomasAlyea-2004,
  author =	 {J. Newman and K. Thomas-Alyea},
  title = 	 {Electrochemical Systems},
  publisher = 	 {Wiley-Interscience},
  year = 	 2004,
  note =	 {3rd Edition}
}

@Book{HamannVielstich1998,
  author =	 {C. Hamann and W. Vielstich },
  title = 	 {Elektrochemie},
  publisher = 	 {Wiley VCH},
  year = 	 1998,
  address= "Weinheim"
}

@article{EymardFuhrmannGaertner2006,
  author = 	 {R.~Eymard and J.~Fuhrmann and K.~G{\"a}rtner},
  title = 	 {A Finite Volume Scheme for Nonlinear Parabolic Equations Derived from
One-Dimensional Local {D}irichlet Problems  },
  volume= {102},
  number={3},
  pages={463 -- 495},
year=2006,
journal= {Numerische Mathematik}
}

@Incollection{EymardGallouetHerbin2000,
  author = 	 {R. Eymard and T. Gallou{\"e}t and R. Herbin },
   title = 	 {The finite volume method},
  booktitle=      {Handbook of Numerical Analysis  {VII}},
editor=         {Ph. Ciarlet and J.L. Lions},
  year = 	 2000,
  publisher =	 {North Holland},
pages={723--1020},
}


@InProceedings{Fuhrmann2002,
  author =	 {J.~Fuhrmann},
  title =	 {Multiphysics Systems  Solution
by  Time-Implicit {V}oronoi Box Finite Volumes},
  booktitle = 	 {Finite Volumes in Complex Applications III: Proc. Porquerolles},
  address =	 {Paris},
  publisher =	 {Hermes},
  year=2002,
  pages="551--559",
 note="{\mbox{ISBN-1-9039-9634-1}}"
}

@Misc{PARDISO,
  author =	 {O. Schenk and K. G{\"a}rtner and G. Karypis and S. R{\"o}llin and M. Hagemann},
  title = 	 {{PARDISO} - sparse direct solver},
  howpublished = {URL: {\mbox{http://www.pardiso-project.org}}},
  year = 	 2007,
  note =	 {Retrieved 2007-09-26}
}

@Article{DivisekFuhrmannGaertnerJung2003,
  author = 	 {J.~Divisek and J.~Fuhrmann and K.~G{\"a}rtner and R.~Jung},
  title = 	 {Performance Modeling of a Direct Methanol Fuel Cell},
  journal = 	 {J. Electrochem. Soc.},
  year = 	 2003,
  volume =	 150,
  number =	 6,
  pages =	 {A811-A825}
}



@InCollection{GaertnerRichter2005,
  author = 	 {K.~G{\"a}rtner and R.~Richter},
  title = 	 {3D simulations of {DEPFET} based sensors: algorithms and results },
  booktitle = 	 {Proc.  5th  Intl. Conf. on ``Numerical Simulation
of Optoelectronic  Devices'' (NUSOD'05)},
  publisher =	 {IEEE},
  year =	 2005,
  editor =	 {J.~Piprek, U.~Bandelow, H.~Wenzel}
}

@Misc{Shewchuk2007,
  author =	 {J. R. Shewchuk},
  title =	 {triangle version 1.6},
  howpublished = {{\\}URL: http://www.cs.cmu.edu/{$\tilde{ }$}quake/triangle.html},
  year =	 2007,
  note =	 {Retrieved 2007-09-26}
}

@article{FuhrmannLangmach2001,
  author =	 {J.~Fuhrmann and H.~Langmach},
  title =	 {Stability  and existence of solutions of  time-implicit finite volume
schemes for viscous nonlinear conservation laws},
  journal =  {Appl. Numer. Math.},
  year =	 2001,
  volume = 37,
  number="1-2",
  pages="201--230"
}


@Book{Levich1962,
  author =	 {V. G. Levich},
  title = 	 {Physicochemical Hydrodynamics},
  publisher = 	 {Prentice-Hall},
  year = 	 1962,
  address =	 {Englewood Cliffs, N. J}
}

@Article{Leveque1928,
  author = 	 {A. L{\'e}v{\^e}que},
  title = 	 {Les lois de la transmission de chaleur par convection},
  journal = 	 {Annales des Mines},
  year = 	 1928,
  volume =	 13,
  pages =	 {201-299, 305-362, 381-415}
}

@Techreport{FuhrmannZhaoEtAl2008xUlm,
  author = 	 {J. Fuhrmann and H.  Zhao and E.  Holzbecher and  H.Langmach
and M.~Chojak and R. Halseid and Z.~Jusys and R.~J.~Behm},
  title = 	 {Experimental and numerical model study of the limiting current in a  
    channel flow cell with a circular electrode },
year="~2008",
institution="WIAS Berlin",
  note =	 {Preprint 1301, submitted}
}





